@article{ufldl,
    author = {Ng, Andrew and Ngiam, Jiquan and Foo, Chuan Y. and Mai, Yifan and Suen, Caroline},
    journal = {http://ufldl.stanford.edu/wiki/index.php/UFLDL\_Tutorial},
    posted-at = {2012-01-18 18:40:44},
    priority = {2},
    title = {{UFLDL Tutorial}},
    year = {2010}
}

