@TECHREPORT{Krizhevsky09cifar,
    author = {Alex Krizhevsky},
    title = {Learning multiple layers of features from tiny images},
    institution = {},
    year = {2009}
}

@INPROCEEDINGS{Deng09imagenet:a,
    author = {Jia Deng and Wei Dong and Richard Socher and Li-jia Li and Kai Li and Li Fei-fei},
    title = {Imagenet: A large-scale hierarchical image database},
    booktitle = {In CVPR},
    year = {2009}
}